<?xml version="1.0" encoding="UTF-8"?><collection xmlns="http://www.loc.gov/MARC21/slim"><record><leader>00565nam--2200169-i-4500</leader><controlfield tag="001">000019242</controlfield><controlfield tag="002">20161230</controlfield><controlfield tag="005">20161230201033</controlfield><controlfield tag="008">060222s1000------------r-----000-0-eng-d</controlfield><datafield ind1=" " ind2=" " tag="040"><subfield code="a">IFIN-HH</subfield></datafield><datafield ind1=" " ind2=" " tag="080"><subfield code="a">539.143.43</subfield></datafield><datafield ind1="1" ind2=" " tag="110"><subfield code="a">Academia Republicii Populare Romane ; Institutul De Fizica Atomica</subfield></datafield><datafield ind1="1" ind2="0" tag="245"><subfield code="a">Al xvi-lea congres ampere rezonante magnetice si fenomene asociate , bucuresti-romania, 1-5 septembrie 1970</subfield></datafield><datafield ind1=" " ind2=" " tag="260"><subfield code="a">Bucuresti</subfield><subfield code="b">Institutul De Fizica Atomica</subfield><subfield code="c">1970</subfield></datafield><datafield ind1=" " ind2=" " tag="300"><subfield code="a">170 PAG</subfield></datafield><datafield ind1=" " ind2=" " tag="852"><subfield code="a">34764</subfield><subfield code="c">539.143.43</subfield></datafield><datafield ind1=" " ind2=" " tag="CAT"><subfield code="a">Sys</subfield><subfield code="c">20120507</subfield><subfield code="h">161942</subfield></datafield></record></collection>